@article{react2023,
  title={React Documentation},
  author={Facebook},
  year={2023},
  url={https://react.dev/}
}

@article{nodejs2023,
  title={Node.js Documentation},
  author={OpenJS Foundation},
  year={2023},
  url={https://nodejs.org/}
}

@article{express2023,
  title={Express.js Documentation},
  author={OpenJS Foundation},
  year={2023},
  url={https://expressjs.com/}
}

@article{mongodb2023,
  title={MongoDB Documentation},
  author={MongoDB Inc.},
  year={2023},
  url={https://www.mongodb.com/}
}

@article{typescript2023,
  title={TypeScript Documentation},
  author={Microsoft},
  year={2023},
  url={https://www.typescriptlang.org/}
}

@article{tailwind2023,
  title={Tailwind CSS Documentation},
  author={Tailwind Labs},
  year={2023},
  url={https://tailwindcss.com/}
}

@article{jwt2023,
  title={JWT Specification},
  author={IETF},
  year={2023},
  url={https://jwt.io/}
}

@article{ocp2023,
  title={OCP Group},
  author={OCP Group},
  year={2023},
  url={https://www.ocpgroup.ma/}
}

@article{astreinte2023,
  title={Gestion des Astreintes Industrielles},
  author={Minist√®re du Travail},
  year={2023}
}

@article{mern2023,
  title={MERN Stack},
  author={MongoDB},
  year={2023},
  url={https://www.mongodb.com/mern-stack}
}

@article{security2023,
  title={OWASP Top Ten},
  author={OWASP Foundation},
  year={2023},
  url={https://owasp.org/www-project-top-ten/}
}

@article{restapi2023,
  title={REST API Best Practices},
  author={Microsoft},
  year={2023},
  url={https://docs.microsoft.com/en-us/azure/architecture/best-practices/api-design}
}
